% State of Tuna Industry in the Philippines (SoTIP)
@misc{rrl-SoTIP1,
  author       = {Llanto, Gilberto M. and Ortiz, Maria Kristina P. and Madriaga, Cherry Ann D.},
  title        = {The Philippines' Tuna Industry},
  howpublished = {\url{https://www.eria.org/uploads/media/RURB_2018_FullReport.pdf#page=221}},
  year         = {2018}
}

@misc{rrl-SoTIP2,
  author       = {Nepomuceno, Laureana T. and Bacordo, Rhoda S. and Camu, Darlyn Grace Y. and Ramiscal, Rafael V.},
  title        = {Abundance, Distribution, and Diversity of Tuna Larvae (Family Scombridae) in the Philippine waters},
  howpublished = {\url{https://www.nfrdi.da.gov.ph/tpjf/vol27_2/Abundance,%20Distribution,%20and%20Diversity%20of%20Tuna%20Larvae%20(Family%20Scombridae)%20in%20the%20Philippine%20waters.pdf}},
  year         = {2020}
}
% Fishing Regulations in the Philippines (FRP)
@misc{rrl-FRP1,
  author       = {Asche, Frank and Garlock, Taryn M. and Anderson, James L. and Bush, Simon R. and Smith, Martin D. and Anderson, Christopher M. and Chu, Jingjie and Garrett, Karen A. and Lem, Audun and Lorenzen, Kai and Oglend, Atle and Tveteras, Sigbjørn and Vannuccini, Stefania},
  title        = {Three pillars of sustainability in fisheries},
  howpublished = {\url{https://www.pnas.org/doi/abs/10.1073/pnas.1807677115}},
  year         = {2018}
}

@misc{rrl-FRP2,
  author       = {Pomeroy, Robert and Courtney, Catherine A.},
  title        = {The Philippines context for marine tenure and small-scale fisheries},
  howpublished = {\url{https://sci-hub.st/https://doi.org/10.1016/j.marpol.2018.05.030}},
  year         = {2018}
}

@misc{rrl-FRP3,
  author       = {Mullon, Christian and Guillotreau, Patrice and Galbraith, Eric D. and Fortilus, Jean and Chaboud, Christian and Bopp, Laurent and Aumont, Olivier and Kaplan, David M.},
  title        = {Exploring future scenarios for the global supply chain of tuna},
  howpublished = {\url{https://doi.org/10.1016/j.dsr2.2016.08.004}},
  year         = {2017}
}

@misc{rrl-FRP4,
  author       = {Paillin, D. and Tupan, J. and Paillin, J. and Latuny, W. and Lawalata, V.},
  title        = {RISK ASSESSMENT AND RISK MITIGATION IN a SUSTAINABLE TUNA SUPPLY CHAIN},
  howpublished = {\url{https://www.actalogistica.eu/issues/2022/I_2022_06_Paillin_Tupan_Paillin_Latuny_Lawalata.pdf}},
  year         = {2022}
}
% Tuna and Fish Supply Chain (TFSC)
@misc{rrl-TFSC1,
  author       = {Macusi, Edison D. and Castro, Miko Mariz C. and Nallos, Ivy M. and Perales, Christine P.},
  title        = {Fishers' communication as a critical factor for tuna catches and potential benefits of traceability draws small-scale Fishers to program},
  howpublished = {\url{https://www.sciencedirect.com/science/article/pii/S0964569123003873}},
  year         = {2023}
}

@misc{rrl-TFSC2,
  author       = {Grantham, Alison and Pandan, Ma. Raisa and Roxas, Susan and Hitchcock, Bryan},
  title        = {Overcoming Catch Data Collection Challenges and Traceability Implementation Barriers in a Sustainable, Small-Scale Fishery},
  howpublished = {\url{https://www.mdpi.com/2071-1050/14/3/1179}},
  year         = {2022}
}

@misc{rrl-TFSC3,
  author       = {Smithrithee, Malinee and Sato, Akito and Wanchana, Worawit and Tongdee, Nualanong and Sulit, Virgilia T. and Saraphaivanich, Kongpathai},
  title        = {Pushing for the elimination of IUU fishing in the Southeast Asian Region},
  howpublished = {\url{http://repository.seafdec.org/handle/20.500.12066/6610}},
  year         = {2020}
}

@misc{rrl-TFSC4,
  author       = {Macusi, Edison D. and da Costa-Neves, Andre Chagas and Tipudan, Christian Dave and Babaran, Ricardo P.},
  title        = {Closed Season and the Distribution of Small-Scale Fisheries Fishing Effort in Davao Gulf, Philippines},
  howpublished = {\url{https://www.mdpi.com/2673-4060/4/1/4}},
  year         = {2023}
}
%
@misc{rrl-TFSC5,
  author       = {Obura, David O. and Aeby, Greta and Amornthammarong, Natchanon and Appeltans, Ward and Bax, Nicholas and Bishop, Joe and Brainard, Russell E. and Chan, Samuel and Fletcher, Pamela and Gordon, Timothy A. C. and Gramer, Lew and Gudka, Mishal and Halas, John and Hendee, James and Hodgson, Gregor and Huang, Danwei and Jankulak, Mike and Jones, Albert and Kimura, Tadashi and Levy, Joshua and Miloslavich, Patricia and Chou, Loke Ming and Muller-Karger, Frank and Osuka, Kennedy and Samoilys, Melita and Simpson, Stephen D. and Tun, Karenne and Wongbusarakum, Supin},
  title        = {Coral Reef Monitoring, Reef Assessment Technologies, and Ecosystem-Based Management},
  howpublished = {\url{https://www.frontiersin.org/journals/marine-science/articles/10.3389/fmars.2019.00580/full}},
  year         = {2019}
}
% Tuna Supply Chain Stages and Roles (TSCSR) 
@misc{rrl-TSCSR1,
  author       = {Delfino, Ariel Nabus},
  title        = {Analysing the value chain of skipjack tuna(Katsuwonus pelamis) in Partido District, CamarinesSur, Philippines},
  howpublished = {\url{https://www.inderscienceonline.com/doi/epdf/10.1504/IJVCM.2023.129271}},
  year         = {2023}
}
@misc{rrl-TSCSR2,
  author       = {Digal, Larry N. and Placencia, Shemaiah Gail P. and Balgos, Carol Q.},
  title        = {Market assessment on the incentives and disincentives for the adoption of sustainable practices along the tuna value chain in Region 12, Philippines},
  howpublished = {\url{https://www.sciencedirect.com/science/article/abs/pii/S0308597X17301197}},
  year         = {2017}
}
% Factors Affecting the Tuna Supply Chain (FATSC)
@misc{rrl-FATSC1,
  author       = {Mercogliano, Raffaelina and Santonicola, Serena},
  title        = {Scombroid fish poisoning: Factors influencing the production of histamine in tuna supply chain. A review},
  howpublished = {\url{https://www.sciencedirect.com/science/article/pii/S0023643819307169}},
  year         = {2019}
}
@misc{rrl-FATSC2,
  author       = {Peruzy, Maria Francesca and Murru, Nicoletta and Perugini, Anna Giannina and Capuano, Federico and Delibato, Elisabetta and Mercogliano, Raffaelina and Korkeala, Hannu and Proroga, Yolande Therese Rose},
  title        = {Evaluation of virulence genes in Yersinia enterocolitica strains using SYBR Green real-time PCR},
  howpublished = {\url{https://www.sciencedirect.com/science/article/pii/S0740002016304555}},
  year         = {2017}
}
@misc{rrl-FATSC3,
  author       = {Aponte, Maria and Anastasio, Aniello and Marrone, Raffaele and Mercogliano, Raffaelina and Peruzy, Maria Francesca and Murru, Nicoletta},
  title        = {Impact of gaseous ozone coupled to passive refrigeration system to maximize shelf-life and quality of four different fresh fish products},
  howpublished = {\url{https://www.sciencedirect.com/science/article/pii/S0023643818302974}},
  year         = {2018}
}
@misc{rrl-FATSC4,
  author       = {Verkhivker, Yakov, and Altmann, Ella},
  title        = {Influence Parameters of Storage on Process of Formation the Histamine in Fish and Fish Products},
  howpublished = {\url{https://www.sciencepublishinggroup.com/article/10.11648/j.wros.20180701.12}},
  year         = {}
}
@misc{rrl-FATSC5,
  author       = {Yang, Yi-Chih and Lin, Han-Yu},
  title        = {Cold supply chain of longline tuna and transport choice},
  howpublished = {\url{https://www.emerald.com/insight/content/doi/10.1108/mabr-11-2017-0027/full/html}},
  year         = {2017}
}
@misc{rrl-FATSC6,
  author       = {Pacoma, Arvin Uy and Yap-Dejeto, Leni G.},
  title        = {Health Risk Assessment: Total Mercury in Canned Tuna and in Yellowfin and Frigate Tuna Caught from Leyte Gulf and Philippine Sea},
  howpublished = {\url{https://www.researchgate.net/publication/340827869_Health_Risk_Assessment_Total_Mercury_in_Canned_Tuna_and_in_Yellowfin_and_Frigate_Tuna_Caught_from_Leyte_Gulf_and_Philippine_Sea}},
  year         = {2019}
}

@misc{rrl-FATSC7,
  author       = {Parenrenge, Syarifuddin Mabe and Pujawan, Nyoman and Karningsih, Putu Dana and Engelseth, Per},
  title        = {Mitigating Risk in the Tuna Supply through Traceability System Development},
  howpublished = {\url{https://himolde.brage.unit.no/himolde-xmlui/bitstream/handle/11250/3052893/Cristin-id_1318891_engelseth.pdf?sequence=1&isAllowed=y}},
  year         = {2016}
}

% Technology of Blockchain (ToB)

@misc{rrl-ToB1,
  author       = {Zheng, Zibin and Xie, Shaoan and Dai, Hongning and Chen, Xiangping and Wang, Huaimin},
  title        = {An Overview of Blockchain Technology: Architecture, Consensus, and Future Trends},
  howpublished = {\url{https://ieeexplore.ieee.org/abstract/document/8029379}},
  year         = {2017}
}
%missing references
@misc{rrl-ToB2,
  author       = {--},
  title        = {--},
  howpublished = {\url{https://www.academia.edu/download/60715489/Understanding_Blockchain_Technology20190926-26770-147v9qi.pdf}},
  year         = {2018}
}

@misc{rrl-ToB3,
  author       = {Ali, Vizaad and Norman, Azah Anir and Azzuhri, Saaidal Razalli Bin},
  title        = {Characteristics of Blockchain and Its Relationship With Trust},
  howpublished = {\url{https://ieeexplore.ieee.org/stamp/stamp.jsp?tp=&arnumber=10041154}},
  year         = {2023}
}
@misc{rrl-ToB4,
  author       = {Ahamed, N. Nasurudeen and Karthikeyan, P. and Anandaraj, S.P. and Vignesh, R.},
  title        = {Sea Food Supply Chain Management Using Blockchain},
  howpublished = {\url{https://ieeexplore.ieee.org/abstract/document/9074473}},
  year         = {2020}
}

% Opportunities of Blockchain Technology for Supply Chain Management (OBTSCM)

@misc{rrl-OBTSCM1,
  author       = {Cordova, Ronald S. and Maata, Rolou Lyn R. and Epoc, Ferdinand J. and Alshar’e, Marwan},
  title        = {Challenges and Opportunities of Using Blockchain in Supply Chain Management},
  howpublished = {\url{http://www.gbmrjournal.com/pdf/v13n3/V13N3-18.pdf}},
  year         = {2021}
}
@book{rrl-OBTSCM2,
  author    = {Hugos, Michael H.},
  title     = {Essentials of Supply Chain Management},
  year      = {2024},
  publisher = {Wiley},
  address   = {Hoboken, New Jersey},
  edition   = {Edition Number (5)},
  isbn      = {ISBN number (9781394217311)},
  url       = {https://books.google.com.ph/books?hl=en&lr=&id=zpz0EAAAQBAJ&oi=fnd&pg=PP7&dq=supply+chain+&ots=jAuHDxF99j&sig=zl0Tue18LKtl3pIQWcr2uZT4pRw&redir_esc=y#v=onepage&q=supply%20chain&f=false}
} 

@book{rrl-OBTSCM3,
  author    = {Snyder, Lawrence V. and Shen, Zuo-Jun Max},
  title     = {Fundamentals of Supply Chain Theory},
  year      = {2019},
  publisher = {Wiley},
  address   = {New York},
  edition   = {Edition Number (2)},
  isbn      = {ISBN number (9781119024842)},
  url       = {https://books.google.com.ph/books?hl=en&lr=&id=sJSaDwAAQBAJ&oi=fnd&pg=PR21&dq=supply+chain+&ots=IDNDcy0t37&sig=ssnh-6IDRAi1JzBRpohxT-hiwTE&redir_esc=y#v=onepage&q=supply}
}

@misc{rrl-OBTSCM4,
  author       = {CSCMP},
  title        = {CSCMP Supply Chain Management Definitions and Glossary},
  howpublished = {\url{https://cscmp.org/CSCMP/CSCMP/Educate/SCM_Definitions_and_Glossary_of_Terms.aspx}},
  year         = {2024}
}

@misc{rrl-OBTSCM5,
  author       = {Cole, Rosanna and Stevenson, Mark and Aitken, James},
  title        = {Blockchain technology: implications for operations and supply chain management},
  howpublished = {\url{https://www.emerald.com/insight/content/doi/10.1108/SCM-09-2018-0309/full/html#sec006}},
  year         = {2019}
}
%missing references
@misc{rrl-OBTSCM6,
  author       = {---},
  title        = {---},
  howpublished = {\url{}},
  year         = {2017}
}
@misc{rrl-OBTSCM7,
  author       = {Khan, Shafaq Naheed and Loukil, Faiza and Ghedira-Guegan, Chirine and Benkhelifa, Elhadj and Bani-Hani, Anoud},
  title        = {Blockchain smart contracts: Applications, challenges, and future trends},
  howpublished = {\url{https://doi.org/10.1007/s12083-021-01127-0}},
  year         = {2021}
}

% Supply Chain Model with Blockchain Technology of Fishing Industry in Indonesia (SCMBTFII)

@misc{rrl-SCMBTFII1,
  author       = {Larissa, S. and Parung, J.},
  title        = {Designing supply chain models with blockchain technology in the fishing industry in Indonesia},
  howpublished = {\url{https://iopscience.iop.org/article/10.1088/1757-899X/1072/1/012020}},
  year         = {2021}
}

% Existing Technology Intended for Traceability and Supply Chain (ETITSC)
@misc{rrl-ETITSC1,
  author       = {Shamsuzzoha, Ahm and Marttila, Jarno and Helo, Petri},
  title        = {Blockchain-enabled traceability system for the sustainable seafood industry},
  howpublished = {\url{https://www.tandfonline.com/doi/full/10.1080/09537325.2023.2233632#d1e340}},
  year         = {2023}
}
@misc{rrl-ETITSC2,
  author       = {Islam, Samantha and Cullen, Jonathan M.},
  title        = {Food traceability: A generic theoretical framework},
  howpublished = {\url{https://doi.org/10.1016/j.foodcont.2020.107848}},
  year         = {2021}
}

@misc{rrl-ETITSC3,
  author       = {Cocco, Luisanna and Mannaro, Katiuscia},
  title        = {Blockchain in Agri-Food Traceability Systems: a Model Proposal for a Typical Italian Food Product},
  howpublished = {\url{https://ieeexplore.ieee.org/abstract/document/9425984}},
  year         = {2021}
}

% Developing a Traceability System for Tuna Supply Chains (DTSTSC)
%missing references
@misc{rrl-DTSTSC1,
  author       = {---},
  title        = {---},
  howpublished = {\url{}},
  year         = {2017}
}
@misc{rrl-DTSTSC2,
  author       = {Tiwari, Utkarsh},
  title        = {Application of Blockchain in Agri-Food Supply Chain},
  howpublished = {\url{https://doi.org/10.33258/bioex.v2i2.233}},
  year         = {2020}
}

